@ONLINE{GHClib,
    title = {GHC/As a library},
    language = {english},
    hyphenation = {english},
    url = {https://wiki.haskell.org/GHC/As_a_library},
    urldate = {2016-06-18},
}

@ONLINE{wikiGHC,
    title = {Wikipedia. The Free Encyclopedia. Glasgow Haskell Compiler},
    language = {english},
    hyphenation = {english},
    url = {https://en.wikipedia.org/wiki/Glasgow_Haskell_Compiler},
    urldate = {2016-06-18},
}

@ONLINE{apidoc,
    title = {ghc-8.0.1: The GHC API},
    language = {english},
    hyphenation = {english},
    url = {http://downloads.haskell.org/~ghc/latest/docs/html/libraries/ghc-8.0.1/index.html},
    urldate = {2016-06-18},
}

@ONLINE{AMP,
    title = {Functor-Applicative-Monad Proposal},
    language = {english},
    hyphenation = {english},
    url = {https://wiki.haskell.org/Functor-Applicative-Monad_Proposal},
    urldate = {2016-06-18},
}

@ONLINE{migrat,
    title = {GHC 7.10.x Migration Guide},
    language = {english},
    hyphenation = {english},
    url = {https://ghc.haskell.org/trac/ghc/wiki/Migration/7.10},
    urldate = {2016-06-22},
}

@ONLINE{orphinst,
    title = {Haskell Wiki. Orphan instance},
    language = {english},
    hyphenation = {english},
    url = {https://wiki.haskell.org/Orphan_instance},
    urldate = {2016-06-22},
}

@ONLINE{github,
    title = {Репозиторий с исходными кодами},
    language = {english},
    hyphenation = {english},
    url = {https://github.com/Valoisa/Generate-ancestor-instances},
    urldate = {2016-06-22},
}
